@book{Karatzas-Shreve:bmsc,
  title     = {Brownian motion and Stochastic Calculus},
  author    = {Ioannis Karatzas, Steven E. Shreve},
  publisher = {Springer},
  isbn      = {9780387976556},
  year      = {1991},
  series    = {Graduate Texts in Mathematics},
  edition   = {2nd},
  url       = {https://link.springer.com/book/10.1007/978-1-4612-0949-2}
}
@book{KunitaWatanabe,
  title     = {On Square Integrable Martingales},
  author    = {Hiroshi Kunita and Shinzo Watanabe},
  publisher = {Nagoya Math. J.30 (1967), 209-245.}
}
@book{Medvegyev:sit,
  title     = {Stochastic integration theory},
  author    = {Peter Medvegyev},
  publisher = {Oxford University Press},
  isbn      = {0199215251},
  year      = {2007},
  series    = {Oxford graduate texts in mathematics 14}
}
@book{Protter:si-and-de,
  title     = {Stochastic Integration and Differential Equations},
  author    = {Philip E. Protter},
  publisher = {Springer},
  isbn      = {0387984798},
  year      = {2003},
  edition   = {2nd}
}
@book{Rogers-Williams:dmm1,
  title     = {Diffusions, Markov Processes and Martingales. Vol. 1},
  author    = {Rogers, L.C.G. and David Williams},
  publisher = {Cambridge University Press},
  year      = {1994},
  edition   = {2nd}
}

@book{Rogers-Williams:dmm2,
  title     = {Diffusions, Markov Processes and Martingales. Vol. 2},
  author    = {Rogers, L.C.G. and David Williams},
  publisher = {Cambridge University Press},
  year      = {1994},
  edition   = {2nd}
}
@book{Rudin:real-and-complex,
  title     = {Real and Complex Analysis},
  author    = {Walter Rudin},
  publisher = {McGraw-Hill Book Co.},
  year      = {1987}
}